@inbook{Warin,
    author = {Warin, Xavier},
    year = {2012},
    month = {01},
    pages = {421},
    title = {Gas Storage Hedging},
    volume = {12},
    isbn = {978-3-642-25745-2},
    journal = {Springer Proceedings in Mathematics},
    doi = {10.1007/978-3-642-25746-9_14}
}

@article{Clewlow,
    author = {Clewlow, Les and Strickland, Chris},
    year = {2000},
    month = {01},
    pages = {},
    title = {A Multi-Factor Model for Energy Derivatives},
    volume = {28},
    journal = {QFRC Res. Pap. Ser.}
}

@inbook{Rebonato,
    author = {Rebonato, Riccardo},
    year = {2013},
    title = {Volatility and Correlation: The Perfect Hedger and the Fox},
    edition = {2},
    publisher = {John Wiley \& Sons, Ltd},
    isbn = {9781118673539},
    doi = {10.1002/9781118673539.ch5}
}