
@article{Fowler,
    author = {Fowler, Jake},
    year = {2020},
    month = {01},
    pages = {},
    title = {Multi-Factor Commodity Price Process: Spot and Forward Price Simulation},
    url = {https://github.com/cmdty/core/blob/master/docs/multifactor_price_process/multifactor_price_process.pdf},
}

@article{Boogert,
    author = {Boogert, Alexander and de Jong, Cyriel},
    year = {2011},
    month = {12},
    pages = {1-24},
    title = {Gas storage valuation using a multi-factor process},
    volume = {4},
    journal = {J.Energy Mark.},
    doi = {10.21314/JEM.2011.067}
}

@article{deJong,
  author          = {de Jong, Cyriel and Schneider, Stefan},
  title           = {Cointegration between gas and power spot prices},
  journal         = {Journal of Energy Markets},
  volume          = {2},
  number          = {3},
  year            = {2009}
}